@article{anderson2004integrated,
  title={An integrated theory of the mind},
  author={Anderson, John R and Bothell, Daniel and Byrne, Michael D and Douglass, Scott and Lebiere, Christian and Qin, Yulin},
  journal={Psychological review},
  volume={111},
  number={4},
  pages={1036},
  year={2004},
  publisher={American Psychological Association}
}

@article{laird2012soar,
  title={The SOAR cognitive architecture},
  author={Laird, John E},
  journal={MIT press},
  year={2012}
}

@article{rosenbloom2016sigma,
  title={Sigma: A unified architecture for learning, reasoning, and decision-making},
  author={Rosenbloom, Paul S and Demski, Abram and Ustun, Volkan},
  journal={AI Magazine},
  volume={37},
  number={1},
  pages={81--92},
  year={2016}
}

@article{rabinowitz2018machine,
  title={Machine theory of mind},
  author={Rabinowitz, Neil C and Perbet, Frank and Song, Francis and Zhang, Chiyuan and Eslami, SM Ali and Botvinick, Matthew},
  journal={arXiv preprint arXiv:1802.07740},
  year={2018}
}

@article{zhang2018personalizing,
  title={Personalizing dialogue agents: I have a dog, do you have pets too?},
  author={Zhang, Saizheng and Dinan, Emily and Urbanek, Jack and Szlam, Arthur and Kiela, Douwe and Weston, Jason},
  journal={arXiv preprint arXiv:1801.07243},
  year={2018}
}

@article{roller2021recipes,
  title={Recipes for building an open-domain chatbot},
  author={Roller, Stephen and Dinan, Emily and Goyal, Naman and Ju, Da and Williamson, Mary and Liu, Yinhan and Xu, Jing and Ott, Myle and Shuster, Kurt and Smith, Eric Michael and others},
  journal={arXiv preprint arXiv:2004.13637},
  year={2021}
}

@inproceedings{adigwe2020meena,
  title={The dialogue dodecathlon: Open-domain knowledge and image grounded conversational agents},
  author={Adiwardana, Daniel and Luong, Minh-Thang and So, David R and Hall, Jamie and Fiedel, Noah and Thoppilan, Romal and Yang, Zi and Kulshreshtha, Apoorv and Nemade, Gaurav and Lu, Yifeng and Le, Quoc V},
  booktitle={Proceedings of the 58th Annual Meeting of the Association for Computational Linguistics},
  pages={2393--2401},
  year={2020}
}

@article{sukhbaatar2015end,
  title={End-to-end memory networks},
  author={Sukhbaatar, Sainbayar and Szlam, Arthur and Weston, Jason and Fergus, Rob},
  journal={Advances in neural information processing systems},
  volume={28},
  year={2015}
}

@article{li2016deep,
  title={Deep reinforcement learning for dialogue generation},
  author={Li, Jiwei and Monroe, Will and Ritter, Alan and Galley, Michel and Gao, Jianfeng and Jurafsky, Dan},
  journal={arXiv preprint arXiv:1606.01541},
  year={2016}
}

@article{jia2021temporal,
  title={Temporal and Object Quantification Networks},
  author={Jia, Zixia and Liang, Yan and Srikumar, Vivek},
  journal={arXiv preprint arXiv:2106.02313},
  year={2021}
}

@inproceedings{sinha2020clutrr,
  title={Clutrr: A diagnostic benchmark for inductive reasoning from text},
  author={Sinha, Koustuv and Sodhani, Shagun and Dong, Jin and Pineau, Joelle and Hamilton, William L},
  booktitle={Proceedings of the 2019 Conference on Empirical Methods in Natural Language Processing and the 9th International Joint Conference on Natural Language Processing (EMNLP-IJCNLP)},
  pages={4506--4515},
  year={2020}
}
